@online{youtubeApiUsage,
  author = {GeeksforGeeks, Sanchhaya Education Pvt. Ltd},
  title = {Youtube Data API},
  url = {https://www.geeksforgeeks.org/youtube-data-api-set-1/}
}

@inproceedings{Makhmudah,
author = {Makhmudah, Umroh and Bukhori, Saiful and Putra, Januar and Yudha, Bratasena},
year = {2019},
month = {10},
pages = {183-186},
title = {Sentiment Analysis Of Indonesian Homosexual Tweets Using Support Vector Machine Method},
doi = {10.1109/ICOMITEE.2019.8920940}
}

@online{vaderUsage,
  author = {Sandeep Panchal Published in Analytics Vidhya},
  title = {Sentiment Analysis with VADER- Label the Unlabelled Data},
  url = {https://medium.com/analytics-vidhya/sentiment-analysis-with-vader-label-the-unlabeled-data-8dd785225166}
}

@online{overSampler,
  author = {The imbalanced-learn developers},
  title = {RandomOverSampler},
  url = {https://imbalanced-learn.org/dev/references/generated/imblearn.over_sampling.RandomOverSampler.html}
}

@INPROCEEDINGS{Qi2023,
  author= {Qi, Yuxing and Shabrina, Zahratu},
  title= {Sentiment analysis using Twitter data: a comparative application of lexicon- and machine-learning-based approach},
  year= {2023},
  publisher= {Springer Singapore},
  address= {Singapore},
  pages= {147--162},
  url = {https://doi.org/10.1007/s13278-023-01030-x},
  doi={10.1007/s13278-023-01030-x},
  isbn= {1869-5469}
}

@INPROCEEDINGS{10.1007/978-981-13-6459-4_16,
  author= {Aqlan, Ameen Abdullah Qaid and Manjula and Lakshman Naik},
  editor= {Chaki, Nabendu and Devarakonda, Nagaraju and Sarkar, Anirban and Debnath, Narayan C.},
  title= {A Study of Sentiment Analysis: Concepts, Techniques, and Challenges},
  booktitle= {Proceedings of International Conference on Computational Intelligence and Data Engineering},
  year= {2019},
  publisher= {Springer Singapore},
  address={Singapore},
  pages={147--162},
  isbn={978-981-13-6459-4}
}

@article{khyaniArticle,
author = {Khyani, Divya and B S, Siddhartha},
year = {2021},
month = {01},
pages = {350-357},
title = {An Interpretation of Lemmatization and Stemming in Natural Language Processing},
volume = {22},
journal = {Shanghai Ligong Daxue Xuebao/Journal of University of Shanghai for Science and Technology}
}

@online{youtubeAPIKey,
  author = {Google for Developers},
  title = {YouTube Data API Overview},
  url = {https://developers.google.com/youtube/v3/getting-started}
}

@article{SVMarticle,
author = {Soni, Ankit},
year = {2019},
month = {07},
pages = {3563-3569},
title = {Text Classification Feature extraction using SVM},
volume = {7},
journal = {International Journal of Innovative Research in Computer and Communication Engineering}
}

@inproceedings{Hutto,
author = {Hutto, C.J. and Gilbert, Eric},
year = {2015},
month = {01},
pages = {},
title = {VADER: A Parsimonious Rule-based Model for Sentiment Analysis of Social Media Text},
journal = {Proceedings of the 8th International Conference on Weblogs and Social Media, ICWSM 2014}
}

@misc{kilmen2022text,
  author = {Kilmen, Sevilay and Bulut, Okan},
  title = {Okan Bulut: Text Vectorization Using Python: TF-IDF},
  url = {https://okan.cloud/posts/2022-01-16-text-vectorization-using-python-tf-idf/},
  year = {2022}
}

@online{hyerparameterTuning,
  author = {Nik - datagy},
  title = {Hyper-Parameter Tuning using Grid Search},
  url = {https://datagy.io/sklearn-gridsearchcv/}
}

@online{precisionRecall,
  author = {Analytics Vidhya},
  title = {Precision and Recall in Machine Learning},
  url = {https://www.analyticsvidhya.com/blog/2020/09/precision-recall-machine-learning/}
}

@online{f1scoreSupport,
  author = {Nirajan Acharya},
  title = {Understanding Precision, Recall, F1-score, and Support in ML Evaluation},
  url = {https://medium.com/@nirajan.acharya666/understanding-precision-recall-f1-score-and-support-in-machine-learning-evaluation-7ec935e8512e#:~:text=F1%2Dscore%20combines%20precision%20and,false%20positives%20and%20false%20negatives.}
}
@online{SVMparameterC,
  author = {Michal Aibin},
  title = {C Parameter in Support Vector Machines},
  url = {https://www.baeldung.com/cs/ml-svm-c-parameter}
}
